<record><leader>00000cas a22000007a 4500</leader><controlfield tag="001">10870684</controlfield><controlfield tag="008">840621d19541969nyuwr ne      0    0eng d</controlfield><datafield ind1=" " ind2=" " tag="010"><subfield code="a">sn 84031123 </subfield></datafield><datafield ind1=" " ind2=" " tag="040"><subfield code="a">NYG</subfield><subfield code="b">eng</subfield><subfield code="c">NYG</subfield><subfield code="d">OCL</subfield><subfield code="d">NYS</subfield><subfield code="d">NYG</subfield><subfield code="d">NYS</subfield><subfield code="d">OCLCQ</subfield></datafield><datafield ind1=" " ind2=" " tag="019"><subfield code="a">10870732</subfield></datafield><datafield ind1=" " ind2=" " tag="042"><subfield code="a">msc</subfield></datafield><datafield ind1="0" ind2=" " tag="130"><subfield code="a">Enterprise and news (Saint Johnsville, N.Y. : 1954)</subfield></datafield><datafield ind1="1" ind2="4" tag="245"><subfield code="a">The enterprise and news.</subfield></datafield><datafield ind1="3" ind2="0" tag="246"><subfield code="a">Dolgeville press and Republican</subfield></datafield><datafield ind1="3" ind2="0" tag="246"><subfield code="a">Enterprise and news, combined with the Dolgeville press and Republican</subfield></datafield><datafield ind1=" " ind2=" " tag="260"><subfield code="a">St. Johnsville, N.Y. :</subfield><subfield code="b">Phyllis Y. and Roger H. Scofield</subfield></datafield><datafield ind1=" " ind2=" " tag="300"><subfield code="a">v. :</subfield><subfield code="b">ill.</subfield></datafield><datafield ind1=" " ind2=" " tag="310"><subfield code="a">Weekly</subfield></datafield><datafield ind1="0" ind2=" " tag="362"><subfield code="a">Vol. 78, no. 18 (May 6, 1954)-v. 93, no. 41 (Oct. 9, 1969).</subfield></datafield><datafield ind1=" " ind2=" " tag="500"><subfield code="a">Published as: Enterprise and news, combined with the Dolgeville press and Republican, Sept. 27, 1956-Oct. 9, 1969.</subfield></datafield><datafield ind1=" " ind2="4" tag="651"><subfield code="a">Saint Johnsville (N.Y.)</subfield><subfield code="v">Newspapers.</subfield></datafield><datafield ind1=" " ind2="4" tag="651"><subfield code="a">Montgomery County (N.Y.)</subfield><subfield code="v">Newspapers.</subfield></datafield><datafield ind1=" " ind2=" " tag="752"><subfield code="a">United States</subfield><subfield code="b">New York</subfield><subfield code="c">Montgomery</subfield><subfield code="d">Saint Johnsville.</subfield></datafield><datafield ind1="0" ind2="0" tag="780"><subfield code="t">St. Johnsville enterprise &amp; news</subfield><subfield code="w">(DLC)sn 89071038</subfield><subfield code="w">(OCoLC)18787616</subfield></datafield><datafield ind1="0" ind2="0" tag="785"><subfield code="t">Enterprise and news, tri-county press</subfield><subfield code="w">(DLC)sn 84031133</subfield></datafield><datafield ind1="1" ind2=" " tag="029"><subfield code="a">AU@</subfield><subfield code="b">000025800838</subfield></datafield></record>